%YAML 1.1
%TAG !u! tag:unity3d.com,2011:
--- !u!29 &1
SceneSettings:
  m_ObjectHideFlags: 0
  m_PVSData: 
  m_PVSObjectsArray: []
  m_PVSPortalsArray: []
  m_OcclusionBakeSettings:
    smallestOccluder: 5
    smallestHole: .25
    backfaceThreshold: 100
--- !u!104 &2
RenderSettings:
  m_ObjectHideFlags: 0
  serializedVersion: 6
  m_Fog: 0
  m_FogColor: {r: .5, g: .5, b: .5, a: 1}
  m_FogMode: 3
  m_FogDensity: .00999999978
  m_LinearFogStart: 0
  m_LinearFogEnd: 300
  m_AmbientSkyColor: {r: .200000003, g: .200000003, b: .200000003, a: 1}
  m_AmbientEquatorColor: {r: .200000003, g: .200000003, b: .200000003, a: 1}
  m_AmbientGroundColor: {r: .200000003, g: .200000003, b: .200000003, a: 1}
  m_AmbientIntensity: 1
  m_AmbientMode: 3
  m_SkyboxMaterial: {fileID: 0}
  m_HaloStrength: .5
  m_FlareStrength: 1
  m_FlareFadeSpeed: 3
  m_HaloTexture: {fileID: 0}
  m_SpotCookie: {fileID: 10001, guid: 0000000000000000e000000000000000, type: 0}
  m_DefaultReflectionMode: 0
  m_DefaultReflectionResolution: 128
  m_ReflectionBounces: 1
  m_ReflectionIntensity: 1
  m_CustomReflection: {fileID: 0}
  m_Sun: {fileID: 0}
--- !u!157 &4
LightmapSettings:
  m_ObjectHideFlags: 0
  serializedVersion: 5
  m_GIWorkflowMode: 1
  m_LightmapsMode: 1
  m_GISettings:
    serializedVersion: 2
    m_BounceScale: 1
    m_IndirectOutputScale: 1
    m_AlbedoBoost: 1
    m_TemporalCoherenceThreshold: 1
    m_EnvironmentLightingMode: 0
    m_EnableBakedLightmaps: 1
    m_EnableRealtimeLightmaps: 0
  m_LightmapEditorSettings:
    serializedVersion: 3
    m_Resolution: 1
    m_BakeResolution: 50
    m_TextureWidth: 1024
    m_TextureHeight: 1024
    m_AOMaxDistance: 1
    m_Padding: 2
    m_CompAOExponent: 0
    m_LightmapParameters: {fileID: 0}
    m_TextureCompression: 0
    m_FinalGather: 0
    m_FinalGatherRayCount: 1024
    m_ReflectionCompression: 2
  m_LightmapSnapshot: {fileID: 0}
  m_RuntimeCPUUsage: 25
--- !u!196 &5
NavMeshSettings:
  serializedVersion: 2
  m_ObjectHideFlags: 0
  m_BuildSettings:
    serializedVersion: 2
    agentRadius: .5
    agentHeight: 2
    agentSlope: 45
    agentClimb: .400000006
    ledgeDropHeight: 0
    maxJumpAcrossDistance: 0
    accuratePlacement: 0
    minRegionArea: 2
    cellSize: .166666657
    manualCellSize: 0
  m_NavMeshData: {fileID: 0}
--- !u!1 &30234811
GameObject:
  m_ObjectHideFlags: 0
  m_PrefabParentObject: {fileID: 100004, guid: 924d8c7c5655fea49a3395b519662fd2, type: 2}
  m_PrefabInternal: {fileID: 0}
  serializedVersion: 4
  m_Component:
  - 4: {fileID: 30234812}
  - 114: {fileID: 30234814}
  - 114: {fileID: 30234813}
  m_Layer: 0
  m_Name: MainMenuScreen
  m_TagString: Untagged
  m_Icon: {fileID: 0}
  m_NavMeshLayer: 0
  m_StaticEditorFlags: 0
  m_IsActive: 1
--- !u!4 &30234812
Transform:
  m_ObjectHideFlags: 0
  m_PrefabParentObject: {fileID: 400004, guid: 924d8c7c5655fea49a3395b519662fd2, type: 2}
  m_PrefabInternal: {fileID: 0}
  m_GameObject: {fileID: 30234811}
  m_LocalRotation: {x: 0, y: 0, z: 0, w: 1}
  m_LocalPosition: {x: 0, y: 0, z: 0}
  m_LocalScale: {x: 1, y: 1, z: 1}
  m_Children: []
  m_Father: {fileID: 0}
  m_RootOrder: 1
--- !u!114 &30234813
MonoBehaviour:
  m_ObjectHideFlags: 0
  m_PrefabParentObject: {fileID: 0}
  m_PrefabInternal: {fileID: 0}
  m_GameObject: {fileID: 30234811}
  m_Enabled: 1
  m_EditorHideFlags: 0
  m_Script: {fileID: 11500000, guid: 1fb99c47692157542975d4bb7ed0c0aa, type: 3}
  m_Name: 
  m_EditorClassIdentifier: 
--- !u!114 &30234814
MonoBehaviour:
  m_ObjectHideFlags: 0
  m_PrefabParentObject: {fileID: 0}
  m_PrefabInternal: {fileID: 0}
  m_GameObject: {fileID: 30234811}
  m_Enabled: 1
  m_EditorHideFlags: 0
  m_Script: {fileID: 11500000, guid: 9509868cb32c07648879af49205d2b30, type: 3}
  m_Name: 
  m_EditorClassIdentifier: 
  currentScreenId: 0
--- !u!1001 &74237525
Prefab:
  m_ObjectHideFlags: 0
  serializedVersion: 2
  m_Modification:
    m_TransformParent: {fileID: 0}
    m_Modifications:
    - target: {fileID: 483198, guid: 2a7bd6b344a37be419332497e7bca857, type: 2}
      propertyPath: m_LocalPosition.x
      value: 0
      objectReference: {fileID: 0}
    - target: {fileID: 483198, guid: 2a7bd6b344a37be419332497e7bca857, type: 2}
      propertyPath: m_LocalPosition.y
      value: 0
      objectReference: {fileID: 0}
    - target: {fileID: 483198, guid: 2a7bd6b344a37be419332497e7bca857, type: 2}
      propertyPath: m_LocalPosition.z
      value: 275
      objectReference: {fileID: 0}
    - target: {fileID: 483198, guid: 2a7bd6b344a37be419332497e7bca857, type: 2}
      propertyPath: m_LocalRotation.x
      value: 0
      objectReference: {fileID: 0}
    - target: {fileID: 483198, guid: 2a7bd6b344a37be419332497e7bca857, type: 2}
      propertyPath: m_LocalRotation.y
      value: 0
      objectReference: {fileID: 0}
    - target: {fileID: 483198, guid: 2a7bd6b344a37be419332497e7bca857, type: 2}
      propertyPath: m_LocalRotation.z
      value: 0
      objectReference: {fileID: 0}
    - target: {fileID: 483198, guid: 2a7bd6b344a37be419332497e7bca857, type: 2}
      propertyPath: m_LocalRotation.w
      value: 1
      objectReference: {fileID: 0}
    - target: {fileID: 483198, guid: 2a7bd6b344a37be419332497e7bca857, type: 2}
      propertyPath: m_RootOrder
      value: 2
      objectReference: {fileID: 0}
    m_RemovedComponents: []
  m_ParentPrefab: {fileID: 100100000, guid: 2a7bd6b344a37be419332497e7bca857, type: 2}
  m_IsPrefabParent: 0
--- !u!1 &1193256641
GameObject:
  m_ObjectHideFlags: 0
  m_PrefabParentObject: {fileID: 0}
  m_PrefabInternal: {fileID: 0}
  serializedVersion: 4
  m_Component:
  - 4: {fileID: 1193256643}
  - 108: {fileID: 1193256642}
  m_Layer: 0
  m_Name: Spotlight
  m_TagString: Untagged
  m_Icon: {fileID: 0}
  m_NavMeshLayer: 0
  m_StaticEditorFlags: 0
  m_IsActive: 1
--- !u!108 &1193256642
Light:
  m_ObjectHideFlags: 0
  m_PrefabParentObject: {fileID: 0}
  m_PrefabInternal: {fileID: 0}
  m_GameObject: {fileID: 1193256641}
  m_Enabled: 1
  serializedVersion: 6
  m_Type: 0
  m_Color: {r: 1, g: 1, b: 1, a: 1}
  m_Intensity: 1
  m_Range: 94.0599976
  m_SpotAngle: 167
  m_CookieSize: 10
  m_Shadows:
    m_Type: 0
    m_Resolution: -1
    m_Strength: 1
    m_Bias: .0500000007
    m_NormalBias: .400000006
  m_Cookie: {fileID: 0}
  m_DrawHalo: 0
  m_Flare: {fileID: 0}
  m_RenderMode: 0
  m_CullingMask:
    serializedVersion: 2
    m_Bits: 4294967295
  m_Lightmapping: 4
  m_BounceIntensity: 1
  m_ShadowRadius: 0
  m_ShadowAngle: 0
  m_AreaSize: {x: 1, y: 1}
--- !u!4 &1193256643
Transform:
  m_ObjectHideFlags: 0
  m_PrefabParentObject: {fileID: 0}
  m_PrefabInternal: {fileID: 0}
  m_GameObject: {fileID: 1193256641}
  m_LocalRotation: {x: -.0988244489, y: -.0164196473, z: .00161670393, w: -.994968116}
  m_LocalPosition: {x: 569.438354, y: 452.828857, z: -49.2999992}
  m_LocalScale: {x: 1, y: 1, z: 1}
  m_Children: []
  m_Father: {fileID: 0}
  m_RootOrder: 3
--- !u!1 &2072415415
GameObject:
  m_ObjectHideFlags: 0
  m_PrefabParentObject: {fileID: 100006, guid: 924d8c7c5655fea49a3395b519662fd2, type: 2}
  m_PrefabInternal: {fileID: 0}
  serializedVersion: 4
  m_Component:
  - 4: {fileID: 2072415416}
  - 20: {fileID: 2072415420}
  - 92: {fileID: 2072415419}
  - 124: {fileID: 2072415418}
  - 81: {fileID: 2072415417}
  m_Layer: 0
  m_Name: Main Camera
  m_TagString: MainCamera
  m_Icon: {fileID: 0}
  m_NavMeshLayer: 0
  m_StaticEditorFlags: 0
  m_IsActive: 1
--- !u!4 &2072415416
Transform:
  m_ObjectHideFlags: 0
  m_PrefabParentObject: {fileID: 400006, guid: 924d8c7c5655fea49a3395b519662fd2, type: 2}
  m_PrefabInternal: {fileID: 0}
  m_GameObject: {fileID: 2072415415}
  m_LocalRotation: {x: 0, y: 0, z: 0, w: 1}
  m_LocalPosition: {x: 0, y: 0, z: 0}
  m_LocalScale: {x: 1, y: 1, z: 1}
  m_Children: []
  m_Father: {fileID: 0}
  m_RootOrder: 0
--- !u!81 &2072415417
AudioListener:
  m_ObjectHideFlags: 0
  m_PrefabParentObject: {fileID: 8100000, guid: 924d8c7c5655fea49a3395b519662fd2,
    type: 2}
  m_PrefabInternal: {fileID: 0}
  m_GameObject: {fileID: 2072415415}
  m_Enabled: 1
--- !u!124 &2072415418
Behaviour:
  m_ObjectHideFlags: 0
  m_PrefabParentObject: {fileID: 12400000, guid: 924d8c7c5655fea49a3395b519662fd2,
    type: 2}
  m_PrefabInternal: {fileID: 0}
  m_GameObject: {fileID: 2072415415}
  m_Enabled: 1
--- !u!92 &2072415419
Behaviour:
  m_ObjectHideFlags: 0
  m_PrefabParentObject: {fileID: 9200000, guid: 924d8c7c5655fea49a3395b519662fd2,
    type: 2}
  m_PrefabInternal: {fileID: 0}
  m_GameObject: {fileID: 2072415415}
  m_Enabled: 1
--- !u!20 &2072415420
Camera:
  m_ObjectHideFlags: 0
  m_PrefabParentObject: {fileID: 2000000, guid: 924d8c7c5655fea49a3395b519662fd2,
    type: 2}
  m_PrefabInternal: {fileID: 0}
  m_GameObject: {fileID: 2072415415}
  m_Enabled: 1
  serializedVersion: 2
  m_ClearFlags: 1
  m_BackGroundColor: {r: .192156866, g: .301960796, b: .474509805, a: .0196078438}
  m_NormalizedViewPortRect:
    serializedVersion: 2
    x: 0
    y: 0
    width: 1
    height: 1
  near clip plane: .300000012
  far clip plane: 1000
  field of view: 60
  orthographic: 0
  orthographic size: 5
  m_Depth: -1
  m_CullingMask:
    serializedVersion: 2
    m_Bits: 4294967295
  m_RenderingPath: -1
  m_TargetTexture: {fileID: 0}
  m_TargetDisplay: 0
  m_TargetEye: 3
  m_HDR: 0
  m_OcclusionCulling: 1
  m_StereoConvergence: 10
  m_StereoSeparation: .0219999999
  m_StereoMirrorMode: 0
